

@InProceedings{conference,
  author = 	 {},
  title = 	 {},
  booktitle =    {},
  year = 	 {},
  pages = 	 {},
  month = 	 {},
  organization = {},
  publisher =    {},
}

@article{article,
  author    = {},
  title     = {},
  journal   = {},
  volume    = {},
  number    = {},
  year      = {},
  month     = {},
  pages     = {},
  issn      = {},
  OPTdoi       = {},
  publisher = {},
  address   = {},
}

@book{book,
  author    = {},
  isbn      = {},
  year      = {},
  month     = {},
  publisher = {},
  title     = {},
}


%%%%%%%%%%%%%%%%%%%%%%%%%%%%%%%%%%% References %%%%%%%%%%%%%%%%%%%%%%%%%%%%%%%%%%%

@book{souza_logica_1,
  author = {João Nunes de Souza},
  title = {Lógica para Ciência da Computação},
  year = {2002},
  isbn = {8535278249},
  edition = {1},
  publisher = {Campus},
  address = {Brasil},
}

@book{souza_logica_2,
  author = {João Nunes de Souza},
  title = {Lógica para Ciência da Computação},
  year = {2008},
  isbn = {8535278249},
  edition = {2},
  publisher = {Campus},
  address = {Brasil},
}

@book{souza_logica_3,
  author = {João Nunes de Souza},
  title = {Lógica para Ciência da Computação e Áreas Afins},
  year = {2014},
  isbn = {8535278249},
  edition = {1},
  publisher = {Campus-Elsevier},
  address = {Brasil},
}





